@software{reback2020pandas,
    author       = {The pandas development team},
    title        = {pandas-dev/pandas: Pandas},
    month        = feb,
    year         = 2020,
    publisher    = {Zenodo},
    version      = {latest},
    doi          = {10.5281/zenodo.3509134},
    url          = {https://doi.org/10.5281/zenodo.3509134}
}
@InProceedings{ mckinney-proc-scipy-2010,
  author    = { {W}es {M}c{K}inney },
  title     = { {D}ata {S}tructures for {S}tatistical {C}omputing in {P}ython },
  booktitle = { {P}roceedings of the 9th {P}ython in {S}cience {C}onference },
  pages     = { 56 - 61 },
  year      = { 2010 },
  editor    = { {S}t\'efan van der {W}alt and {J}arrod {M}illman },
  doi       = { 10.25080/Majora-92bf1922-00a }
}

@Manual{DaskDaskDocumentation,
  title = {Dask: Library for dynamic task scheduling},
  author = {{Dask Development Team}},
  year = {2016},
  url = {http://dask.pydata.org},
}

@Article{Matplotlib,
  Author    = {Hunter, J. D.},
  Title     = {Matplotlib: A 2D graphics environment},
  Journal   = {Computing in Science \& Engineering},
  Volume    = {9},
  Number    = {3},
  Pages     = {90--95},
  abstract  = {Matplotlib is a 2D graphics package used for Python for
  application development, interactive scripting, and publication-quality
  image generation across user interfaces and operating systems.},
  publisher = {IEEE COMPUTER SOC},
  doi       = {10.1109/MCSE.2007.55},
  year      = 2007
}

@Article{NumPy,
title         = {Array programming with {NumPy}},
author        = {Charles R. Harris and K. Jarrod Millman and St{\'{e}}fan J.
                 van der Walt and Ralf Gommers and Pauli Virtanen and David
                 Cournapeau and Eric Wieser and Julian Taylor and Sebastian
                 Berg and Nathaniel J. Smith and Robert Kern and Matti Picus
                 and Stephan Hoyer and Marten H. van Kerkwijk and Matthew
                 Brett and Allan Haldane and Jaime Fern{\'{a}}ndez del
                 R{\'{i}}o and Mark Wiebe and Pearu Peterson and Pierre
                 G{\'{e}}rard-Marchant and Kevin Sheppard and Tyler Reddy and
                 Warren Weckesser and Hameer Abbasi and Christoph Gohlke and
                 Travis E. Oliphant},
 year          = {2020},
 month         = sep,
 journal       = {Nature},
 volume        = {585},
 number        = {7825},
 pages         = {357--362},
 doi           = {10.1038/s41586-020-2649-2},
 publisher     = {Springer Science and Business Media {LLC}},
 url           = {https://doi.org/10.1038/s41586-020-2649-2}
}
@misc{Python,
  author       = {Python Software Foundation},
  title        = {Python Programming Language, Version 3.11.6},
  year         = {2024},
  url          = {https://www.python.org},
  note         = {Accessed: 2025-05-19}
}